<record><leader>00000cas a22000007a 4500</leader><controlfield tag="001">2451509</controlfield><controlfield tag="008">760712d18411849ohuwr ne      0    0eng d</controlfield><datafield ind1=" " ind2=" " tag="010"><subfield code="a">sn 85042278 </subfield></datafield><datafield ind1=" " ind2=" " tag="040"><subfield code="a">QPR</subfield><subfield code="b">eng</subfield><subfield code="c">QPR</subfield><subfield code="d">BTI</subfield><subfield code="d">DLC</subfield><subfield code="d">NPI</subfield><subfield code="d">ONP</subfield><subfield code="d">OCL</subfield><subfield code="d">OCLCF</subfield><subfield code="d">OCLCO</subfield><subfield code="d">AQM</subfield><subfield code="d">OCLCA</subfield><subfield code="d">OCLCO</subfield></datafield><datafield ind1=" " ind2=" " tag="042"><subfield code="a">msc</subfield></datafield><datafield ind1="0" ind2="0" tag="050"><subfield code="a">Newspaper 9214-X</subfield></datafield><datafield ind1=" " ind2=" " tag="090"><subfield code="a">BX8950</subfield></datafield><datafield ind1="0" ind2="4" tag="245"><subfield code="a">The Watchman of the valley.</subfield></datafield><datafield ind1=" " ind2=" " tag="260"><subfield code="a">Cincinnati, [Ohio] :</subfield><subfield code="b">James B. Walker,</subfield><subfield code="c">1841-</subfield></datafield><datafield ind1=" " ind2=" " tag="300"><subfield code="a">v. ;</subfield><subfield code="c">59 cm.</subfield></datafield><datafield ind1=" " ind2=" " tag="310"><subfield code="a">Weekly</subfield></datafield><datafield ind1="0" ind2=" " tag="362"><subfield code="a">Vol. 1, no. 27 (Mar. 4, 1841)-</subfield></datafield><datafield ind1="1" ind2=" " tag="362"><subfield code="a">Ceased with Mar. 22, 1849 issue.</subfield><subfield code="z">Cf. Gutgesell, S.  Guide to Ohio newspapers, 1974.</subfield></datafield><datafield ind1=" " ind2=" " tag="500"><subfield code="a">"Presbyterian." Cf. Gutgesell, S.  Guide to Ohio newspapers, 1974.</subfield></datafield><datafield ind1="2" ind2="0" tag="610"><subfield code="a">Presbyterian Church in the U.S.A</subfield><subfield code="v">Newspapers.</subfield></datafield><datafield ind1="2" ind2="7" tag="610"><subfield code="a">Presbyterian Church in the U.S.A.</subfield><subfield code="2">fast</subfield><subfield code="0">(OCoLC)fst00549643</subfield></datafield><datafield ind1=" " ind2="7" tag="655"><subfield code="a">Newspapers.</subfield><subfield code="2">fast</subfield><subfield code="0">(OCoLC)fst01423814</subfield></datafield><datafield ind1=" " ind2="4" tag="655"><subfield code="a">Religious newspapers.</subfield></datafield><datafield ind1=" " ind2=" " tag="752"><subfield code="a">United States</subfield><subfield code="b">Ohio</subfield><subfield code="c">Hamilton</subfield><subfield code="d">Cincinnati.</subfield></datafield><datafield ind1="0" ind2="0" tag="780"><subfield code="t">Cincinnati observer</subfield><subfield code="w">(DLC)sn 85042279</subfield></datafield><datafield ind1="0" ind2="0" tag="785"><subfield code="t">Central watchman</subfield><subfield code="w">(DLC)sn 88077410</subfield></datafield></record>